@ARTICLE{lim,
  author = {{Lim}, Y. and Tenenberg, J.},
  title = {The Anatomy of Prototypes},
  publisher = {ACM},
  journal = {Transactions on Computer-Human Interaction},
  volume = {15},
  year = 2008,
}

@article{doolen,
  author = {{Doolen}, T. and Hacker, M. and Van Aken, E.},
  year = {2003},
  month = {09},
  pages = {285 - 296},
  title = {The impact of organizational context on work team effectiveness: A study of production team},
  volume = {50},
  publisher = {IEEE},
  journal = {Transactions on Engineering Management}
}

@inproceedings{anderson,
  author = {Anderson, B. and Smyth, M: and P. Knott, R. and Bergan, M. and Bergan, J. and Alty, J.},
  year = {1994},
  month = {01},
  pages = {179-194},
  booktitle = {People and Computers IX, Proceedings of HCI},
  title = {Minimising Conceptual Baggage: Making Choices about Metaphor},
  venue = {Glasgow, Scotland}
}