@BOOK{benyon14,
  AUTHOR={{Benyon}, D.},
  TITLE={Designing Interactive Systems},
  PUBLISHER={Pearson},
  YEAR=2014,
}

@BOOK{benyon10,
  AUTHOR={{Benyon}, D.},
  TITLE={Designing Interactive Systems},
  PUBLISHER={Pearson},
  YEAR=2010,
}

@BOOK{rogers,
  AUTHOR={{Rogers}, Y. and Sharp, H. and Preece, J.},
  TITLE={Interaction Design: Beyond human-computer interaction},
  PUBLISHER={Wiley},
  YEAR=2011,
}

@BOOK{beyer,
  AUTHOR={{Beyer}, H.},
  TITLE={User-Centred Agile Methods},
  PUBLISHER={Morgan \& Claypool},
  YEAR=2010,
}

@BOOK{krumm,
  AUTHOR={{Krumm}, J.},
  TITLE={Ubiquitous Computing Fundamentals},
  PUBLISHER={CRC Press},
  YEAR=2010,
}

@BOOK{foundation1
  TITLE={Encyclopedia of Human-Computer Interaction}
  HOWPUBLISHED={\url{https://www.interaction-design.org/literature/book/the-encyclopedia-of-human-computer-interaction-2nd-ed}}
  PUBLISHER={The Interaction Design Foundation}
}

@BOOK{foundation2
  TITLE={The Glossary of Human Computer Interaction}
  HOWPUBLISHED={\url{https://www.interaction-design.org/literature/book/the-glossary-of-human-computer-interaction}}
  PUBLISHER={The Interaction Design Foundation}
}
